/home/contrera/Nextcloud/docencia/bib_myarticles_md.bib